@misc{llvm,
title = {{LLVM}},
howpublished={\url{http://www.llvm.org}}
}
@book{Beerel2010,
author = {Beerel, PA and Ozdag, RO and Ferretti, Marcos},
file = {:Users/jdd/Documents/Reading/Beerel, Ozdag, Ferretti/Unknown/Beerel, Ozdag, Ferretti - 2010 - A designer's guide to asynchronous VLSI.pdf:pdf},
isbn = {9780511674730},
title = {{A designer's guide to asynchronous VLSI}},
url = {http://books.google.com/books?hl=en\&lr=\&id=7bw6-yob7mAC\&oi=fnd\&pg=PR11\&dq=A+Designer\%E2\%80\%99s+Guide+to+Asynchronous+VLSI\&ots=PJBbwsEMUS\&sig=4qLwcF0KuOkVAdGK7hySK29PpYk},
year = {2010}
}
@article{Beerel2011,
author = {Beerel, Peter a. and Dimou, Georgios D. and Lines, Andrew M.},
doi = {10.1109/MDT.2011.114},
file = {:Users/jdd/Documents/Reading/Beerel, Dimou, Lines/IEEE Design \& Test of Computers/Beerel, Dimou, Lines - 2011 - Proteus An ASIC Flow for GHz Asynchronous Designs.pdf:pdf},
issn = {0740-7475},
journal = {IEEE Design \& Test of Computers},
month = sep,
number = {5},
pages = {36--51},
title = {{Proteus: An ASIC Flow for GHz Asynchronous Designs}},
url = {http://ieeexplore.ieee.org/lpdocs/epic03/wrapper.htm?arnumber=6028534},
volume = {28},
year = {2011}
}
@article{Bufistov2008,
author = {Bufistov, Dmitry and Julvez, Jorge and Cortadella, Jordi},
doi = {10.1109/ICCAD.2008.4681613},
file = {:Users/jdd/Documents/Reading/Bufistov, Julvez, Cortadella/2008 IEEEACM International Conference on Computer-Aided Design/Bufistov, Julvez, Cortadella - 2008 - Performance optimization of elastic systems using buffer resizing and buffer insertion.pdf:pdf},
isbn = {978-1-4244-2819-9},
journal = {2008 IEEE/ACM International Conference on Computer-Aided Design},
month = nov,
pages = {442--448},
publisher = {Ieee},
title = {{Performance optimization of elastic systems using buffer resizing and buffer insertion}},
url = {http://ieeexplore.ieee.org/lpdocs/epic03/wrapper.htm?arnumber=4681613},
year = {2008}
}
@article{Cortadella2000,
author = {Cortadella, J and Kishinevsky, M and Kondratyev, A and Lavagno, L. and Yakovlev, A.},
file = {:Users/jdd/Documents/Reading/Cortadella et al/Unknown/Cortadella et al. - 2000 - Hardware and Petri Nets Application to Asynchronous Circuit Design.pdf:pdf},
title = {{Hardware and Petri Nets Application to Asynchronous Circuit Design}},
url = {http://link.springer.com/chapter/10.1007/3-540-44988-4\_1},
year = {2000}
}
@article{Cortadella2010,
author = {Cortadella, Jordi and Galceran-Oms, Marc and Kishinevsky, Mike},
doi = {10.1109/MEMCOD.2010.5558639},
file = {:Users/jdd/Documents/Reading/Cortadella, Galceran-Oms, Kishinevsky/Eighth ACMIEEE International Conference on Formal Methods and Models for Codesign (MEMOCODE 2010)/Cortadella, Galceran-Oms, Kishinevsky - 2010 - Elastic systems.pdf:pdf},
isbn = {978-1-4244-7885-9},
journal = {Eighth ACM/IEEE International Conference on Formal Methods and Models for Codesign (MEMOCODE 2010)},
month = jul,
pages = {149--158},
publisher = {Ieee},
title = {{Elastic systems}},
url = {http://ieeexplore.ieee.org/lpdocs/epic03/wrapper.htm?arnumber=5558639},
year = {2010}
}
@article{Cortadella2007,
author = {Cortadella, Jordi and Kishinevsky, Mike},
doi = {10.1109/DAC.2007.375199},
file = {:Users/jdd/Documents/Reading/Cortadella, Kishinevsky/2007 44th ACMIEEE Design Automation Conference/Cortadella, Kishinevsky - 2007 - Synchronous Elastic Circuits with Early Evaluation and Token Counterflow.pdf:pdf},
isbn = {978-1-59593-627-1},
issn = {0738-100X},
journal = {2007 44th ACM/IEEE Design Automation Conference},
keywords = {11,8,annihilate,elastic designs,every non-required input in,extending petri,protocols,such a way,synthesis,that when it meets,the idea of anti-tokens,the positive token they,token is generated at,was used in},
month = jun,
pages = {416--419},
publisher = {Ieee},
title = {{Synchronous Elastic Circuits with Early Evaluation and Token Counterflow}},
url = {http://www.crossref.org/deleted\_DOI.html},
year = {2007}
}
@article{Cortadella2010a,
author = {Cortadella, Jordi and Lavagno, Luciano},
file = {:Users/jdd/Documents/Reading/Cortadella, Lavagno/ICICDT/Cortadella, Lavagno - 2010 - Narrowing the margins with elastic clocks.pdf:pdf},
isbn = {9781424457755},
journal = {ICICDT},
pages = {146--150},
title = {{Narrowing the margins with elastic clocks}},
url = {http://ieeexplore.ieee.org/xpls/abs\_all.jsp?arnumber=5510273},
year = {2010}
}
@article{Dijkstra1975,
author = {Dijkstra, Edsger W and Corporation, Burroughs},
file = {:Users/jdd/Documents/Reading/Dijkstra, Corporation/Unknown/Dijkstra, Corporation - 1975 - Guarded Commands , Nondeterminacy and Formal Derivation of Programs.pdf:pdf},
keywords = {and phrases,case-construction,correctness proof,derivation of,language semantics,nondeterminacy,program semantics,programming,programming languages,repetition,sequencing primitives,termination},
number = {8},
title = {{Guarded Commands , Nondeterminacy and Formal Derivation of Programs}},
volume = {18},
year = {1975}
}
@article{Edwards2002,
author = {Edwards, D and Bardsley, A},
file = {:Users/jdd/Documents/Reading/Edwards, Bardsley/The Computer Journal/Edwards, Bardsley - 2002 - Balsa An asynchronous hardware synthesis language.pdf:pdf},
journal = {The Computer Journal},
number = {1},
title = {{Balsa: An asynchronous hardware synthesis language}},
url = {http://comjnl.oxfordjournals.org/content/45/1/12.short},
volume = {45},
year = {2002}
}
@inproceedings{Galceran-Oms2009,
author = {Galceran-Oms, M},
booktitle = {DAC},
file = {:Users/jdd/Documents/Reading/Galceran-Oms/DAC/Galceran-Oms - 2009 - Speculation in elastic systems.pdf:pdf},
isbn = {9781605584973},
keywords = {elastic designs,protocols,speculation,synthesis},
pages = {292--295},
title = {{Speculation in elastic systems}},
url = {http://ieeexplore.ieee.org/xpls/abs\_all.jsp?arnumber=5227145},
volume = {1},
year = {2009}
}
@article{Galceran-Oms2010,
author = {Galceran-Oms, Marc and Cortadella, Jordi and Kishinevsky, Mike},
doi = {10.1109/ICCAD.2010.5653886},
file = {:Users/jdd/Documents/Reading/Galceran-Oms, Cortadella, Kishinevsky/2010 IEEEACM International Conference on Computer-Aided Design (ICCAD)/Galceran-Oms, Cortadella, Kishinevsky - 2010 - Symbolic performance analysis of elastic systems.pdf:pdf},
isbn = {978-1-4244-8193-4},
journal = {2010 IEEE/ACM International Conference on Computer-Aided Design (ICCAD)},
month = nov,
pages = {778--785},
publisher = {Ieee},
title = {{Symbolic performance analysis of elastic systems}},
url = {http://ieeexplore.ieee.org/lpdocs/epic03/wrapper.htm?arnumber=5653886},
volume = {1},
year = {2010}
}
@article{Gill2008,
author = {Gill, Gennette and Gupta, Vishal and Singh, Montek},
doi = {10.1109/ICCAD.2008.4681614},
file = {:Users/jdd/Documents/Reading/Gill, Gupta, Singh/2008 IEEEACM International Conference on Computer-Aided Design/Gill, Gupta, Singh - 2008 - Performance estimation and slack matching for pipelined asynchronous architectures with choice.pdf:pdf},
isbn = {978-1-4244-2819-9},
journal = {2008 IEEE/ACM International Conference on Computer-Aided Design},
month = nov,
pages = {449--456},
publisher = {Ieee},
title = {{Performance estimation and slack matching for pipelined asynchronous architectures with choice}},
url = {http://ieeexplore.ieee.org/lpdocs/epic03/wrapper.htm?arnumber=4681614},
year = {2008}
}
@article{Keller2009,
author = {Keller, Sean and Katelman, Michael and Martin, Alain J.},
doi = {10.1109/ASYNC.2009.27},
file = {:Users/jdd/Documents/Reading/Keller, Katelman, Martin/2009 15th IEEE Symposium on Asynchronous Circuits and Systems/Keller, Katelman, Martin - 2009 - A Necessary and Sufficient Timing Assumption for Speed-Independent Circuits.pdf:pdf},
isbn = {978-0-7695-3616-3},
journal = {2009 15th IEEE Symposium on Asynchronous Circuits and Systems},
month = may,
pages = {65--76},
publisher = {Ieee},
title = {{A Necessary and Sufficient Timing Assumption for Speed-Independent Circuits}},
url = {http://ieeexplore.ieee.org/lpdocs/epic03/wrapper.htm?arnumber=5010337},
year = {2009}
}
@phdthesis{Lines1998,
author = {Lines, Andrew M},
file = {:Users/jdd/Documents/Reading/Lines/Unknown/Lines - 1998 - Pipelined Asynchronous Circuits.pdf:pdf},
title = {{Pipelined Asynchronous Circuits}},
year = {1998}
}
@article{Manohar1998,
author = {Manohar, Rajit and Martin, AJ},
file = {:Users/jdd/Documents/Reading/Manohar, Martin/Mathematics of Program Construction/Manohar, Martin - 1998 - Slack elasticity in concurrent computing.pdf:pdf},
journal = {Mathematics of Program Construction},
title = {{Slack elasticity in concurrent computing}},
url = {http://link.springer.com/chapter/10.1007/BFb0054295},
year = {1998}
}
@article{Manohar2007,
author = {Manohar, Rajit and Teifel, JR},
file = {:Users/jdd/Documents/Reading/Manohar, Teifel/Unknown/Manohar, Teifel - 2007 - Programmable asynchronous pipeline arrays.pdf:pdf},
title = {{Programmable asynchronous pipeline arrays}},
url = {http://www.google.com/patents/US7157934},
year = {2007}
}
@inproceedings{Martin1997,
author = {Martin, Alain J. and Lines, Andrew M. and Manohar, Rajit and Nystrom, Mika and Penzes, Paul and Southworth, Robert and Cummings, Uri and Lee, Tak Kwan},
booktitle = {ARVLSI},
file = {:Users/jdd/Documents/Reading/Martin et al/ARVLSI/Martin et al. - 1997 - The Design of an Asynchronous MIPS R3000 Microprocessor.pdf:pdf},
title = {{The Design of an Asynchronous MIPS R3000 Microprocessor.}},
url = {http://www.fulcrummicro.com/tech\_library/minimips.pdf},
volume = {5},
year = {1997}
}
@article{Peng2005,
address = {New York, New York, USA},
author = {Peng, Song and Fang, David and Teifel, John and Manohar, Rajit},
doi = {10.1145/1046192.1046214},
file = {:Users/jdd/Documents/Reading/Peng et al/Proceedings of the 2005 ACMSIGDA 13th international symposium on Field-programmable gate arrays - FPGA '05/Peng et al. - 2005 - Automated synthesis for asynchronous FPGAs.pdf:pdf},
isbn = {1595930299},
journal = {Proceedings of the 2005 ACM/SIGDA 13th international symposium on Field-programmable gate arrays - FPGA '05},
keywords = {asynchronous circuits,automated synthesis,programmable logic},
pages = {163},
publisher = {ACM Press},
title = {{Automated synthesis for asynchronous FPGAs}},
url = {http://portal.acm.org/citation.cfm?doid=1046192.1046214},
year = {2005}
}
@article{Prakash2006,
author = {Prakash, P. and Martin, A.J.},
doi = {10.1109/ASYNC.2006.27},
file = {:Users/jdd/Documents/Reading/Prakash, Martin/12th IEEE International Symposium on Asynchronous Circuits and Systems (ASYNC'06)/Prakash, Martin - 2006 - Slack Matching Quasi Delay-Insensitive Circuits.pdf:pdf},
isbn = {0-7695-2498-2},
journal = {12th IEEE International Symposium on Asynchronous Circuits and Systems (ASYNC'06)},
pages = {195--204},
publisher = {Ieee},
title = {{Slack Matching Quasi Delay-Insensitive Circuits}},
url = {http://ieeexplore.ieee.org/lpdocs/epic03/wrapper.htm?arnumber=1595703},
year = {2006}
}
@inproceedings{Saifhashemi2011,
author = {Saifhashemi, Arash and Beerel, PA},
booktitle = {CPA},
file = {:Users/jdd/Documents/Reading/Saifhashemi, Beerel/CPA/Saifhashemi, Beerel - 2011 - SystemVerilogCSP Modeling Digital Asynchronous Circuits Using SystemVerilog Interfaces.pdf:pdf},
keywords = {asynchronous circuits,csp,systemverilog},
title = {{SystemVerilogCSP: Modeling Digital Asynchronous Circuits Using SystemVerilog Interfaces.}},
url = {http://wotug.org/papers/CPA-2011/SaifhashemiBeerel11/SaifhashemiBeerel11.pdf},
year = {2011}
}
@inproceedings{Teifel2004,
author = {Teifel, John and Manohar, Rajit},
booktitle = {ASYNC},
file = {:Users/jdd/Documents/Reading/Teifel, Manohar/ASYNC/Teifel, Manohar - 2004 - Static Tokens Using Dataflow to Automate Concurrent Pipeline Synthesis.pdf:pdf},
title = {{Static Tokens: Using Dataflow to Automate Concurrent Pipeline Synthesis.}},
url = {http://pdf.aminer.org/000/055/177/static\_tokens\_using\_dataflow\_to\_automate\_concurrent\_pipeline\_synthesis.pdf},
year = {2004}
}
@article{VanBerkel1991,
author = {van Berkel, Kees and Kessels, Joep and Ronckep, Marly and Saeijs, Ronald and Schalij, Frits},
file = {:Users/jdd/Documents/Reading/van Berkel et al/Unknown/van Berkel et al. - 1991 - The VLSI-programming language Tangram and its translation into handshake circuits.pdf:pdf},
title = {{The VLSI-programming language Tangram and its translation into handshake circuits}},
url = {http://ieeexplore.ieee.org/xpls/abs\_all.jsp?arnumber=206431},
year = {1991}
}
@inproceedings{Wong2003,
author = {Wong, CG and Martin, AJ and Thomas, Peter},
file = {:Users/jdd/Documents/Reading/Wong, Martin, Thomas/Unknown/Wong, Martin, Thomas - 2003 - An architecture for asynchronous FPGAs.pdf:pdf},
title = {{An architecture for asynchronous FPGAs}},
url = {http://authors.library.caltech.edu/27070/},
year = {2003}
}
